@article{git-docs,
	author = {Github skill},
	title = {Pull-Requests},
	year = {2025},
	publisher = {Github},
	url = {https://github.com/skills/review-pull-requests}
}

@online{github-docs,
	author = {Github skill},
	title = {Pull-Requests},
	year = {2025},
	publisher = {Github},
	url = {https://github.com/skills/review-pull-requests}
}
