@online{demenet-git-github,
	author = {Alain Demenet},
	title = {Git Vs GitHub},
	year = {2023},
	url = {http://jedha.co/blog/git-et-github-definitions-differences-utilite},
	urldate = {2023-10-10}
}

@online{security,GPG and SSH Key
	author = {GITHUB},
	title = {SSH and GPG keys},
	year = {2025},
	url = {https://docs.github.com/fr/authentication/managing-commit-signature-verification},
	urldate = {2025-06-23}
}